@article{bishop2020polyhedral,
  title     = {Polyhedral finite elements for nonlinear solid mechanics using tetrahedral subdivisions and dual-cell aggregation},
  author    = {Bishop, Joseph E and Sukumar, N},
  journal   = {Computer Aided Geometric Design},
  volume    = {77},
  pages     = {101812},
  year      = {2020},
  publisher = {Elsevier}
}
@article{rashid2006three,
  title     = {A three-dimensional finite element method with arbitrary polyhedral elements},
  author    = {Rashid, MM and Selimotic, M22411741110},
  journal   = {International Journal for Numerical Methods in Engineering},
  volume    = {67},
  number    = {2},
  pages     = {226--252},
  year      = {2006},
  publisher = {Wiley Online Library}
}
@article{bishop2014displacement,
  title     = {A displacement-based finite element formulation for general polyhedra using harmonic shape functions},
  author    = {Bishop, Joseph E},
  journal   = {International Journal for Numerical Methods in Engineering},
  volume    = {97},
  number    = {1},
  pages     = {1--31},
  year      = {2014},
  publisher = {Wiley Online Library}
}
@article{gain2014virtual,
  title     = {On the virtual element method for three-dimensional linear elasticity problems on arbitrary polyhedral meshes},
  author    = {Gain, Arun L and Talischi, Cameron and Paulino, Glaucio H},
  journal   = {Computer Methods in Applied Mechanics and Engineering},
  volume    = {282},
  pages     = {132--160},
  year      = {2014},
  publisher = {Elsevier}
}
@article{spiegel2011tetrahedral,
  title     = {Tetrahedral vs. polyhedral mesh size evaluation on flow velocity and wall shear stress for cerebral hemodynamic simulation},
  author    = {Spiegel, Martin and Redel, Thomas and Zhang, Y Jonathan and Struffert, Tobias and Hornegger, Joachim and Grossman, Robert G and Doerfler, Arnd and Karmonik, Christof},
  journal   = {Computer methods in biomechanics and biomedical engineering},
  volume    = {14},
  number    = {01},
  pages     = {9--22},
  year      = {2011},
  publisher = {Taylor \& Francis}
}
@article{lipnikov2011mimetic,
  title     = {The mimetic finite difference method for the 3D magnetostatic field problems on polyhedral meshes},
  author    = {Lipnikov, Konstantin and Manzini, Gianmarco and Brezzi, Franco and Buffa, Annalisa},
  journal   = {Journal of Computational Physics},
  volume    = {230},
  number    = {2},
  pages     = {305--328},
  year      = {2011},
  publisher = {Elsevier}
}
@article{vacca2017virtual,
  title     = {Virtual element methods for hyperbolic problems on polygonal meshes},
  author    = {Vacca, Giuseppe},
  journal   = {Computers \& Mathematics with Applications},
  volume    = {74},
  number    = {5},
  pages     = {882--898},
  year      = {2017},
  publisher = {Elsevier}
}
@article{antonietti2018high,
  title     = {High-order discontinuous Galerkin methods for the elastodynamics equation on polygonal and polyhedral meshes},
  author    = {Antonietti, PF and Mazzieri, I},
  journal   = {Computer Methods in Applied Mechanics and Engineering},
  volume    = {342},
  pages     = {414--437},
  year      = {2018},
  publisher = {Elsevier}
}
@article{antonietti2022machine,
  title     = {Machine learning based refinement strategies for polyhedral grids with applications to virtual element and polyhedral discontinuous Galerkin methods},
  author    = {Antonietti, Paola F and Dassi, Franco and Manuzzi, Enrico},
  journal   = {Journal of Computational Physics},
  volume    = {469},
  pages     = {111531},
  year      = {2022},
  publisher = {Elsevier}
}
@article{LI2024111846,
  title    = {Application of polyhedral meshes in large-eddy simulation of building array flow fields within neutral and unstable boundary layers},
  journal  = {Building and Environment},
  volume   = {263},
  pages    = {111846},
  year     = {2024},
  issn     = {0360-1323},
  doi      = {https://doi.org/10.1016/j.buildenv.2024.111846},
  url      = {https://www.sciencedirect.com/science/article/pii/S0360132324006887},
  author   = {Yezhan Li and Tsubasa Okaze},
  keywords = {Large-eddy simulation, Polyhedral mesh, Boundary layer mesh, Neutral boundary condition, Unstable boundary condition},
}
@article{antonietti2021high,
  title     = {High--order discontinuous Galerkin methods on polyhedral grids for geophysical applications: seismic wave propagation and fractured reservoir simulations},
  author    = {Antonietti, Paola F and Facciol{\`a}, Chiara and Houston, Paul and Mazzieri, Ilario and Pennesi, Giorgio and Verani, Marco},
  journal   = {Polyhedral methods in geosciences},
  pages     = {159--225},
  year      = {2021},
  publisher = {Springer}
}
@article{dong2018discontinuous,
  title   = {Discontinuous Galerkin methods for the biharmonic problem on polygonal and polyhedral meshes},
  author  = {Dong, Zhaonan},
  journal = {arXiv preprint arXiv:1807.07817},
  year    = {2018}
}
@article{da2009mimetic,
  title     = {Mimetic finite difference method for the Stokes problem on polygonal meshes},
  author    = {Da Veiga, L Beirao and Gyrya, Vitaliy and Lipnikov, Konstantin and Manzini, Gianmarco},
  journal   = {Journal of computational physics},
  volume    = {228},
  number    = {19},
  pages     = {7215--7232},
  year      = {2009},
  publisher = {Elsevier}
}
@book{da2014mimetic,
  title     = {The mimetic finite difference method for elliptic problems},
  author    = {da Veiga, Louren{\c{c}}o Beirao and Lipnikov, Konstantin and Manzini, Gianmarco},
  volume    = {11},
  year      = {2014},
  publisher = {Springer}
}
@incollection{cangiani2017virtual,
  title     = {Virtual element methods for elliptic problems on polygonal meshes},
  author    = {Cangiani, Andrea and Sutton, Oliver J and Gyrya, Vitaliy and Manzini, Gianmarco},
  booktitle = {Generalized Barycentric Coordinates in Computer Graphics and Computational Mechanics},
  pages     = {263--279},
  year      = {2017},
  publisher = {CRC Press}
}
@article{sorgente2022polyhedral,
  title     = {Polyhedral mesh quality indicator for the virtual element method},
  author    = {Sorgente, Tommaso and Biasotti, Silvia and Manzini, Gianmarco and Spagnuolo, Michela},
  journal   = {Computers \& Mathematics with Applications},
  volume    = {114},
  pages     = {151--160},
  year      = {2022},
  publisher = {Elsevier}
}
@article{voroGPU,
  title     = {Meshless Voronoi on the GPU},
  author    = {Ray, Nicolas and Sokolov, Dmitry and Lefebvre, Sylvain and L{\'e}vy, Bruno},
  journal   = {ACM Transactions on Graphics (TOG)},
  volume    = {37},
  number    = {6},
  pages     = {1--12},
  year      = {2018},
  publisher = {ACM New York, NY, USA}
}
@article{chau2018polytree,
  title     = {A polytree-based adaptive polygonal finite element method for multi-material topology optimization},
  author    = {Chau, Khai N and Chau, Khanh N and Ngo, Tuan and Hackl, Klaus and Nguyen-Xuan, H},
  journal   = {Computer Methods in Applied Mechanics and Engineering},
  volume    = {332},
  pages     = {712--739},
  year      = {2018},
  publisher = {Elsevier}
}
@article{bonelle2018new,
  title     = {New polyhedral discretisation methods applied to the Richards equation: CDO schemes in code\_saturne},
  author    = {Bonelle, J{\'e}r{\^o}me and Fournier, Yvan and Moulinec, Charles},
  journal   = {Computers \& Fluids},
  volume    = {173},
  pages     = {93--102},
  year      = {2018},
  publisher = {Elsevier}
}
@thesis{nora2022dualPoly,
  title     = {Génération et adaptation de maillages polyédriques},
  author    = {Nora Todjihounde},
  company   = {CEA},
  year      = 2024
}
@software{Badri_pdmt,
  author  = {Badri, Mohd Afeef},
  license = {LGPL-2.1},
  title   = {{PDMT, a parallel dual meshing tool for generating polyhedral meshes}},
  url     = {https://github.com/mohd-afeef-badri/pdmt}
}
@software{nrechati_BenchReMesh,
  author  = {Rechatin-Noël, Nicolas},
  license = {MIT},
  title   = {{BenchReMesh, An open-source benchmark tool for polytopal mesh numerical simulation}},
  url     = {https://github.com/Nrechati/BenchReMesh}
}
@software{CEA_TRUST,
  author  = {CEA},
  license = {BSD-3},
  title   = {{TRUST - The CEA’s open source HPC platform}},
  url     = {https://cea-trust-platform.github.io/},
  year    = 2024
}
@software{CEA_SALOME,
  author  = {CEA},
  license = {LGPL-2.1},
  title   = {{SALOME Platform - The open source platform for numerical simulation}},
  url     = {https://github.com/SalomePlatform}
}
@article{Geuzaine2009Gmsh,
  abstract               = {{Gmsh is an open-source 3-D finite element grid generator with a build-in CAD engine and post-processor. Its design goal is to provide a fast, light and user-friendly meshing tool with parametric input and advanced visualization capabilities. This paper presents the overall philosophy, the main design choices and some of the original algorithms implemented in Gmsh. Copyright {\copyright} 2009 John Wiley \& Sons, Ltd.}},
  added-at               = {2019-03-01T00:11:50.000+0100},
  author                 = {Geuzaine, Christophe and Remacle, Jean-Fran\c{c}ois},
  biburl                 = {https://www.bibsonomy.org/bibtex/23707daeb10fa030ba1cbcaa0af5aa2b0/gdmcbain},
  citeulike-article-id   = {4792340},
  citeulike-attachment-1 = {geuzaine_09_gmsh_33456.pdf; /pdf/user/gdmcbain/article/4792340/33456/geuzaine_09_gmsh_33456.pdf; 029b93cdb4fde39a90f3b31129cd77eca862a93e},
  citeulike-linkout-0    = {http://dx.doi.org/10.1002/nme.2579},
  day                    = 10,
  doi                    = {10.1002/nme.2579},
  file                   = {geuzaine_09_gmsh_33456.pdf},
  interhash              = {809553a2dcc2cd428ed154265bd9d7bb},
  intrahash              = {3707daeb10fa030ba1cbcaa0af5aa2b0},
  issn                   = {00295981},
  journal                = {International Journal for Numerical Methods in Engineering},
  keywords               = {65n30-pdes-bvps-finite-elements 65n50-pdes-bvps-mesh-generation-and-refinement gmsh},
  month                  = sep,
  number                 = 11,
  pages                  = {1309--1331},
  posted-at              = {2009-06-10 02:06:35},
  priority               = {0},
  publisher              = {John Wiley \& Sons, Ltd.},
  timestamp              = {2019-03-01T00:11:50.000+0100},
  title                  = {Gmsh: A 3-{D} Finite Element Mesh Generator with built-in Pre- and Post-Processing Facilities},
  url                    = {http://dx.doi.org/10.1002/nme.2579},
  volume                 = 79,
  year                   = 2009
}





